%GENERAL INFO
% Use templates from https://verbosus.com/bibtex-style-examples.html
% Feel free to add more info, but comment out lines that isn't following the template from verbosus.
% Be aware that the bibtex format (template) from ACM has more entries than neccesarry
% Example can be seen in entry 1

%FILE INFO
% Currently adding entrities from the lit review on google docs, in the same order as the refference list.
% To avoid confusion, please only add entries in the buttom of the file (after the Others comment)

@inproceedings{Nancel:2013,
 author = {Nancel, Mathieu and Chapuis, Olivier and Pietriga, Emmanuel and Yang, Xing-Dong and Irani, Pourang P. and Beaudouin-Lafon, Michel},
 title = {High-precision Pointing on Large Wall Displays Using Small Handheld Devices},
 booktitle = {Proceedings of the SIGCHI Conference on Human Factors in Computing Systems},
 series = {CHI '13},
 year = {2013},
 isbn = {978-1-4503-1899-0},
 location = {Paris, France},
 pages = {831--840},
 numpages = {10},
 url = {http://doi.acm.org/10.1145/2470654.2470773},
 doi = {10.1145/2470654.2470773},
 acmid = {2470773},
 publisher = {ACM},
 address = {New York, NY, USA},
 keywords = {handheld devices, pointing, wall displays},
} 

@inproceedings{Rashid:2011,
 author = {Rashid, Umar and Kauko, Jarmo and H\"{a}kkil\"{a}, Jonna and Quigley, Aaron},
 title = {Proximal and Distal Selection of Widgets: Designing Distributed UI for Mobile Interaction with Large Display},
 booktitle = {Proceedings of the 13th International Conference on Human Computer Interaction with Mobile Devices and Services},
 series = {MobileHCI '11},
 year = {2011},
 isbn = {978-1-4503-0541-9},
 location = {Stockholm, Sweden},
 pages = {495--498},
 numpages = {4},
 url = {http://doi.acm.org/10.1145/2037373.2037446},
 doi = {10.1145/2037373.2037446},
 acmid = {2037446},
 publisher = {ACM},
 address = {New York, NY, USA},
 keywords = {distributed user interfaces, large display, mobile touchscreen, second screen},
} 

@inproceedings{Markussen:2016,
 author = {Markussen, Anders and Boring, Sebastian and Jakobsen, Mikkel R. and Hornb{\ae}k, Kasper},
 title = {Off-Limits: Interacting Beyond the Boundaries of Large Displays},
 booktitle = {Proceedings of the 2016 CHI Conference on Human Factors in Computing Systems},
 series = {CHI '16},
 year = {2016},
 isbn = {978-1-4503-3362-7},
 location = {Santa Clara, California, USA},
 pages = {5862--5873},
 numpages = {12},
 url = {http://doi.acm.org/10.1145/2858036.2858083},
 doi = {10.1145/2858036.2858083},
 acmid = {2858083},
 publisher = {ACM},
 address = {New York, NY, USA},
 keywords = {freehand pointing, in-air pointing, mid-air pointing, off-screen pointing, spatial user interfaces},
} 

@inproceedings{Lucero:2012,
 author = {Lucero, Andr{\'e}s and Holopainen, Jussi and Jokela, Tero},
 title = {MobiComics: Collaborative Use of Mobile Phones and Large Displays for Public Expression},
 booktitle = {Proceedings of the 14th International Conference on Human-computer Interaction with Mobile Devices and Services},
 series = {MobileHCI '12},
 year = {2012},
 isbn = {978-1-4503-1105-2},
 location = {San Francisco, California, USA},
 pages = {383--392},
 numpages = {10},
 url = {http://doi.acm.org/10.1145/2371574.2371634},
 doi = {10.1145/2371574.2371634},
 acmid = {2371634},
 publisher = {ACM},
 address = {New York, NY, USA},
 keywords = {collocated Interaction, handheld devices, public displays},
} 


@inproceedings{Scheible:2008,
 author = {Scheible, J\"{u}rgen and Ojala, Timo and Coulton, Paul},
 title = {MobiToss: A Novel Gesture Based Interface for Creating and Sharing Mobile Multimedia Art on Large Public Displays},
 booktitle = {Proceedings of the 16th ACM International Conference on Multimedia},
 series = {MM '08},
 year = {2008},
 isbn = {978-1-60558-303-7},
 location = {Vancouver, British Columbia, Canada},
 pages = {957--960},
 numpages = {4},
 url = {http://doi.acm.org/10.1145/1459359.1459532},
 doi = {10.1145/1459359.1459532},
 acmid = {1459532},
 publisher = {ACM},
 address = {New York, NY, USA},
 keywords = {experimental evaluation, gesture control, interactive content, public display},
} 

@inproceedings{Ikematsu:2015,
 author = {Ikematsu, Kaori and Siio, Itiro},
 title = {Memory Stones: An Intuitive Information Transfer Technique Between Multi-touch Computers},
 booktitle = {Proceedings of the 16th International Workshop on Mobile Computing Systems and Applications},
 series = {HotMobile '15},
 year = {2015},
 isbn = {978-1-4503-3391-7},
 location = {Santa Fe, New Mexico, USA},
 pages = {3--8},
 numpages = {6},
 url = {http://doi.acm.org/10.1145/2699343.2699352},
 doi = {10.1145/2699343.2699352},
 acmid = {2699352},
 publisher = {ACM},
 address = {New York, NY, USA},
 keywords = {drag-and-drop, gesture input, graphical user interfaces (gui), multi-touch interaction, user interface for multiple computing environment.},
} 

@inproceedings{Benko:2010,
 author = {Benko, Hrvoje and Wilson, Andrew D.},
 title = {Multi-point Interactions with Immersive Omnidirectional Visualizations in a Dome},
 booktitle = {ACM International Conference on Interactive Tabletops and Surfaces},
 series = {ITS '10},
 year = {2010},
 isbn = {978-1-4503-0399-6},
 location = {Saarbr\&\#252;cken, Germany},
 pages = {19--28},
 numpages = {10},
 url = {http://doi.acm.org/10.1145/1936652.1936657},
 doi = {10.1145/1936652.1936657},
 acmid = {1936657},
 publisher = {ACM},
 address = {New York, NY, USA},
 keywords = {curved displays, dome, freehand interaction, gestures, immersive, omnidirectional interface, pinching},
} 

@inproceedings{Bragdon:2011,
	author = {Bragdon, Andrew and DeLine, Rob and Hinckley, Ken and Morris, Meredith Ringel},
	title = {Code Space: Touch + Air Gesture Hybrid Interactions for Supporting Developer Meetings},
	booktitle = {Proceedings of the ACM International Conference on Interactive Tabletops and Surfaces},
	series = {ITS '11},
	year = {2011},
	isbn = {978-1-4503-0871-7},
	location = {Kobe, Japan},
	pages = {212--221},
	numpages = {10},
	url = {http://doi.acm.org/10.1145/2076354.2076393},
	doi = {10.1145/2076354.2076393},
	acmid = {2076393},
	publisher = {ACM},
	address = {New York, NY, USA},
	keywords = {cross-device interaction, depth camera, development teams, mobile devices, touch},
} 

@inproceedings{Walter:2014,
	author = {Walter, Robert and Bailly, Gilles and Valkanova, Nina and M\"{u}ller, J\"{o}rg},
	title = {Cuenesics: Using Mid-air Gestures to Select Items on Interactive Public Displays},
	booktitle = {Proceedings of the 16th International Conference on Human-computer Interaction with Mobile Devices \&\#38; Services},
	series = {MobileHCI '14},
	year = {2014},
	isbn = {978-1-4503-3004-6},
	location = {Toronto, ON, Canada},
	pages = {299--308},
	numpages = {10},
	url = {http://doi.acm.org/10.1145/2628363.2628368},
	doi = {10.1145/2628363.2628368},
	acmid = {2628368},
	publisher = {ACM},
	address = {New York, NY, USA},
	keywords = {immediate usability, interactive public displays, mid-air gestures, selection techniques},
} 

@article{Hoaglin:1987,
 ISSN = {01621459},
 URL = {http://www.jstor.org/stable/2289392},
 author = {Hoaglin, David C. and Iglewicz, Boris},
 journal = {Journal of the American Statistical Association},
 number = {400},
 pages = {1147-1149},
 publisher = {[American Statistical Association, Taylor & Francis, Ltd.]},
 title = {Fine-Tuning Some Resistant Rules for Outlier Labeling},
 volume = {82},
 year = {1987}
}

@inproceedings{Dachselt:2008,
  title={Throw and Tilt-Seamless Interaction across Devices Using Mobile Phone Gestures.},
  author={Dachselt, Raimund and Buchholz, Robert},
  organization={Citeseer}
}

@inproceedings{Boring:2009,
 author = {Boring, Sebastian and Jurmu, Marko and Butz, Andreas},
 title = {Scroll, Tilt or Move It: Using Mobile Phones to Continuously Control Pointers on Large Public Displays},
 booktitle = {Proceedings of the 21st Annual Conference of the Australian Computer-Human Interaction Special Interest Group: Design: Open 24/7},
 series = {OZCHI '09},
 year = {2009},
 isbn = {978-1-60558-854-4},
 location = {Melbourne, Australia},
 pages = {161--168},
 numpages = {8},
 url = {http://doi.acm.org/10.1145/1738826.1738853},
 doi = {10.1145/1738826.1738853},
 acmid = {1738853},
 publisher = {ACM},
 address = {New York, NY, USA},
 keywords = {accelerometers, cursor control, fatigue, input techniques/mappings, optical flow, target acquisition},
} 

@inproceedings{Hespanhol:2012,
 author = {Hespanhol, Luke and Tomitsch, Martin and Grace, Kazjon and Collins, Anthony and Kay, Judy},
 title = {Investigating Intuitiveness and Effectiveness of Gestures for Free Spatial Interaction with Large Displays},
 booktitle = {Proceedings of the 2012 International Symposium on Pervasive Displays},
 series = {PerDis '12},
 year = {2012},
 isbn = {978-1-4503-1414-5},
 location = {Porto, Portugal},
 pages = {6:1--6:6},
 articleno = {6},
 numpages = {6},
 url = {http://doi.acm.org/10.1145/2307798.2307804},
 doi = {10.1145/2307798.2307804},
 acmid = {2307804},
 publisher = {ACM},
 address = {New York, NY, USA},
 keywords = {gestures, large displays, natural user interaction, techniques},
} 

@Inbook{Jakobsen:2015,
author="Jakobsen, Mikkel R.
and Jansen, Yvonne
and Boring, Sebastian
and Hornb{\ae}k, Kasper",
editor="Abascal, Julio
and Barbosa, Simone
and Fetter, Mirko
and Gross, Tom
and Palanque, Philippe
and Winckler, Marco",
chapter="Should I Stay or Should I Go? Selecting Between Touch and Mid-Air Gestures for Large-Display Interaction",
title="Human-Computer Interaction -- INTERACT 2015: 15th IFIP TC 13 International Conference, Bamberg, Germany, September 14-18, 2015, Proceedings, Part III",
year="2015",
publisher="Springer International Publishing",
address="Cham",
pages="455--473",
isbn="978-3-319-22698-9",
doi="10.1007/978-3-319-22698-9_31",
url="http://dx.doi.org/10.1007/978-3-319-22698-9_31"
}

@inproceedings{Markussen:2014,
 author = {Markussen, Anders and Jakobsen, Mikkel R{\o}nne and Hornb{\ae}k, Kasper},
 title = {Vulture: A Mid-air Word-gesture Keyboard},
 booktitle = {Proceedings of the 32Nd Annual ACM Conference on Human Factors in Computing Systems},
 series = {CHI '14},
 year = {2014},
 isbn = {978-1-4503-2473-1},
 location = {Toronto, Ontario, Canada},
 pages = {1073--1082},
 numpages = {10},
 url = {http://doi.acm.org/10.1145/2556288.2556964},
 doi = {10.1145/2556288.2556964},
 acmid = {2556964},
 publisher = {ACM},
 address = {New York, NY, USA},
 keywords = {freehand interaction, in-air interaction, mid-air interaction, shape writing, text entry, word-gesture keyboard},
} 

@inproceedings{Yatani:2005,
 author = {Yatani, Koji and Tamura, Koiti and Hiroki, Keiichi and Sugimoto, Masanori and Hashizume, Hiromichi},
 title = {Toss-it: Intuitive Information Transfer Techniques for Mobile Devices},
 booktitle = {CHI '05 Extended Abstracts on Human Factors in Computing Systems},
 series = {CHI EA '05},
 year = {2005},
 isbn = {1-59593-002-7},
 location = {Portland, OR, USA},
 pages = {1881--1884},
 numpages = {4},
 url = {http://doi.acm.org/10.1145/1056808.1057046},
 doi = {10.1145/1056808.1057046},
 acmid = {1057046},
 publisher = {ACM},
 address = {New York, NY, USA},
 keywords = {gesture recognition, information transfer, location recognition, mobile devices},
} 

@inproceedings{Vogel:2005,
 author = {Vogel, Daniel and Balakrishnan, Ravin},
 title = {Distant Freehand Pointing and Clicking on Very Large, High Resolution Displays},
 booktitle = {Proceedings of the 18th Annual ACM Symposium on User Interface Software and Technology},
 series = {UIST '05},
 year = {2005},
 isbn = {1-59593-271-2},
 location = {Seattle, WA, USA},
 pages = {33--42},
 numpages = {10},
 url = {http://doi.acm.org/10.1145/1095034.1095041},
 doi = {10.1145/1095034.1095041},
 acmid = {1095041},
 publisher = {ACM},
 address = {New York, NY, USA},
 keywords = {freehand gestures, pointing, very large displays, whole hand interaction},
} 

@inproceedings{Bolt:1980,
 author = {Bolt, Richard A.},
 title = {\&Ldquo;Put-that-there\&Rdquo;: Voice and Gesture at the Graphics Interface},
 booktitle = {Proceedings of the 7th Annual Conference on Computer Graphics and Interactive Techniques},
 series = {SIGGRAPH '80},
 year = {1980},
 isbn = {0-89791-021-4},
 location = {Seattle, Washington, USA},
 pages = {262--270},
 numpages = {9},
 url = {http://doi.acm.org/10.1145/800250.807503},
 doi = {10.1145/800250.807503},
 acmid = {807503},
 publisher = {ACM},
 address = {New York, NY, USA},
 keywords = {Gesture, Graphics, Graphics interface, Man-machine interfaces, Space sensing, Spatial data management, Speech input, Voice input},
} 

@inproceedings{Mayer:2015,
 author = {Mayer, Sven and Wolf, Katrin and Schneegass, Stefan and Henze, Niels},
 title = {Modeling Distant Pointing for Compensating Systematic Displacements},
 booktitle = {Proceedings of the 33rd Annual ACM Conference on Human Factors in Computing Systems},
 series = {CHI '15},
 year = {2015},
 isbn = {978-1-4503-3145-6},
 location = {Seoul, Republic of Korea},
 pages = {4165--4168},
 numpages = {4},
 url = {http://doi.acm.org/10.1145/2702123.2702332},
 doi = {10.1145/2702123.2702332},
 acmid = {2702332},
 publisher = {ACM},
 address = {New York, NY, USA},
 keywords = {distant pointing, mid-air gesture},
} 

@inproceedings{Myers:2002,
 author = {Myers, Brad A. and Bhatnagar, Rishi and Nichols, Jeffrey and Peck, Choon Hong and Kong, Dave and Miller, Robert and Long, A. Chris},
 title = {Interacting at a Distance: Measuring the Performance of Laser Pointers and Other Devices},
 booktitle = {Proceedings of the SIGCHI Conference on Human Factors in Computing Systems},
 series = {CHI '02},
 year = {2002},
 isbn = {1-58113-453-3},
 location = {Minneapolis, Minnesota, USA},
 pages = {33--40},
 numpages = {8},
 url = {http://doi.acm.org/10.1145/503376.503383},
 doi = {10.1145/503376.503383},
 acmid = {503383},
 publisher = {ACM},
 address = {New York, NY, USA},
 keywords = {handhelds, input devices, interaction techniques, laser pointers, palm pilots, pebbles, remote interaction, user studies},
} 

@article{Gallo:2012,
 author = {Gallo, L. and Minutolo, A.},
 title = {Design and Comparative Evaluation of Smoothed Pointing: A Velocity-oriented Remote Pointing Enhancement Technique},
 journal = {Int. J. Hum.-Comput. Stud.},
 issue_date = {April, 2012},
 volume = {70},
 number = {4},
 month = apr,
 year = {2012},
 issn = {1071-5819},
 pages = {287--300},
 numpages = {14},
 url = {http://dx.doi.org/10.1016/j.ijhcs.2011.12.001},
 doi = {10.1016/j.ijhcs.2011.12.001},
 acmid = {2134116},
 publisher = {Academic Press, Inc.},
 address = {Duluth, MN, USA},
 keywords = {Ray pointing facilitation, Smoothed Pointing, User study, Velocity-oriented approach, Wiimote},
}

@inproceedings{Rekimoto:1997,
 author = {Rekimoto, Jun},
 title = {Pick-and-drop: A Direct Manipulation Technique for Multiple Computer Environments},
 booktitle = {Proceedings of the 10th Annual ACM Symposium on User Interface Software and Technology},
 series = {UIST '97},
 year = {1997},
 isbn = {0-89791-881-9},
 location = {Banff, Alberta, Canada},
 pages = {31--39},
 numpages = {9},
 url = {http://doi.acm.org/10.1145/263407.263505},
 doi = {10.1145/263407.263505},
 acmid = {263505},
 publisher = {ACM},
 address = {New York, NY, USA},
 keywords = {computer augmented environments, direct manipulation, drag-and-drop, graphical user interfaces, input devices, multi-computer user interfaces, pen interfaces, stylus interfaces, ubiquitous computing},
} 

@article{9thSemester:2015,
 author = {Lauridsen, Bjarke M. and Penchev, Ivan S. and Ringhauge, Elias and Ruder, Eric V.},
 title = {Comparison of Push Techniques for Cross-Device Interaction Between Mobile Devices and Large Displays},
 journal = {Det Digitale Projektbibliotek (requires login at projekter.aau.dk)},
 issue_date = {Jan, 2016},
 month = jan,
 year = {2016},
 numpages = {69},
 url = {http://goo.gl/vqP441},
 publisher = {Det Digitale Projektbibliotek (projekter.aau.dk)},
 keywords = {Interaction Techniques; Cross-Device Interaction; Natural User Interaction; Kinect; Mid-air Gestures; Smartphones; Large Displays; Data Transfer},
}

@Inbook{Seifert:2013,
author="Seifert, Julian
and Bayer, Andreas
and Rukzio, Enrico",
editor="Kotz{\'e}, Paula
and Marsden, Gary
and Lindgaard, Gitte
and Wesson, Janet
and Winckler, Marco",
chapter="PointerPhone: Using Mobile Phones for Direct Pointing Interactions with Remote Displays",
title="Human-Computer Interaction -- INTERACT 2013: 14th IFIP TC 13 International Conference, Cape Town, South Africa, September 2-6, 2013, Proceedings, Part III",
year="2013",
publisher="Springer Berlin Heidelberg",
address="Berlin, Heidelberg",
pages="18--35",
isbn="978-3-642-40477-1",
doi="10.1007/978-3-642-40477-1_2",
url="http://dx.doi.org/10.1007/978-3-642-40477-1_2"
}

@inproceedings{vonZadow:2015,
 author = {von Zadow, Ulrich},
 title = {Using Personal Devices to Facilitate Multi-user Interaction with Large Display Walls},
 booktitle = {Adjunct Proceedings of the 28th Annual ACM Symposium on User Interface Software \& Technology},
 series = {UIST '15 Adjunct},
 year = {2015},
 isbn = {978-1-4503-3780-9},
 location = {Daegu, Kyungpook, Republic of Korea},
 pages = {25--28},
 numpages = {4},
 url = {http://doi.acm.org/10.1145/2815585.2815592},
 doi = {10.1145/2815585.2815592},
 acmid = {2815592},
 publisher = {ACM},
 address = {New York, NY, USA},
 keywords = {collaboration, cross-device interaction, data transfer, display wall, mobile phones, multi-user, wearable display},
} 